@article{example2022example,
  title={An example reference used for the general layout of my essay},
  author={Braidley, Jacob},
  journal={Example References},
  volume={1},
  number={1-10},
  pages={1-2},
  year={2022},
  publisher={Unknown}
}